@Article{Tarski55,
  author =       {Alfred Tarski},
  title =        {A lattice-theoretical fixpoint theorem and its applications},
  journal =      {Pacific Journal of Mathematics},
  year =         1955,
  volume =    5,
  number =    2,
  pages =     {285--309}}

@Book{ersov80,
  author =	 {Yuri L. Ershov},
  title = 	 {The theory of enumerations},
  publisher = 	 {Nauka},
  year = 	 1980
}

@Book{hottbook,
  author =    {The {Univalent Foundations Program}},
  title =     {Homotopy Type Theory: Univalent Foundations of Mathematics},
  publisher = {\url{https://homotopytypetheory.org/book}},
  address =   {Institute for Advanced Study},
  year =      2013}